<?xml version="1.0" encoding="UTF-8"?><collection xmlns="http://www.loc.gov/MARC21/slim"><record><leader>00480nam--2200169-i-4500</leader><controlfield tag="001">000014694</controlfield><controlfield tag="002">20161230</controlfield><controlfield tag="005">20161230201031</controlfield><controlfield tag="008">060222s1000------------r-----000-0-eng-d</controlfield><datafield ind1=" " ind2=" " tag="040"><subfield code="a">IFIN-HH</subfield></datafield><datafield ind1=" " ind2=" " tag="080"><subfield code="a">537.222.22:538.955</subfield></datafield><datafield ind1="1" ind2=" " tag="100"><subfield code="a">Cusack, N</subfield></datafield><datafield ind1="1" ind2="0" tag="245"><subfield code="a">The electrical and magnetic properties of solids</subfield><subfield code="b">An introductory textbook</subfield><subfield code="c">N. cusack</subfield></datafield><datafield ind1=" " ind2=" " tag="260"><subfield code="a">London</subfield><subfield code="b">Longmans, Green And Co</subfield><subfield code="c">1958</subfield></datafield><datafield ind1=" " ind2=" " tag="300"><subfield code="a">XV+428P</subfield></datafield><datafield ind1=" " ind2=" " tag="852"><subfield code="a">15619</subfield><subfield code="c">539.2</subfield></datafield><datafield ind1=" " ind2=" " tag="CAT"><subfield code="a">Sys</subfield><subfield code="c">20121004</subfield><subfield code="h">102440</subfield></datafield></record></collection>